@ONLINE {abeeolica-boletim-mensal-geracao-out-2017,
    author = "Abeeolica",
    title  = "Boletim Mensal de geração eólica - Out./2017",
    month  = "out",
    year   = "2017",
    url    = "http://www.abeeolica.org.br"
}

@ONLINE {ons-recorde-geracao,
    author = "ONS",
    title  = "NORDESTE BATE RECORDE DE GERAÇÕES EÓLICA E SOLAR NA ÚLTIMA QUARTA-FEIRA",
    month  = "agos",
    year   = "2018",
    url    = "http://ons.org.br/Paginas/Noticias/20180829-RecordeEolicaSolar.aspx"
}

@ONLINE { boletim-anual-geracao-2017,
    author = "Abeeolica",
    title  = "Boletim Anual de geração eólica - 2017",
    year   = "2017",
    url    = "http://abeeolica.org.br/wp-content/uploads/2018/04/Boletim-Anual-de-Geracao-2017.pdf"
}

@ONLINE { ons2015,
    author = "ONS",
    title  = "Boletim Mensal de geração eólica - 2015",
    year   = "2015",
    url    = "http://ons.org.br"
}

@ONLINE { estados-capacidade-instalada,
    author = "Abeeolica",
    title  = "Quais são os cinco estados com mais capacidade instalada de energia eólica?",
    month  = "jul",
    year   = "2018",
    url    = "http://abeeolica.org.br/noticias/quais-sao-os-cinco-estados-com-mais-capacidade-instalada-de-energia-eolica/"
}

@MISC { componentes-aerogerador,
    author = "{Engenharia Compartilhada}",
    title  = "Desenho esquemático de uma turbina eólica",
    year   = "2013",
    note = {Online; Acessado em 20/02/2019},
    howpublished = {\url{http://www.engenhariacompartilhada.com.br/secoes.aspx?capitulo=30490}},
}

@MISC {iec-power-performance,
    author = "{IEC}",
    title  = "Power performance measurements of electricity producing wind turbines",
    year   = "2018"
}

@ARTICLE { wind-turbine-availabily,
    author = "Conroy, N. and Deane, J. P. and others",
    title  = "Wind turbine availability: Should it be time or energy based? - A case study in Ireland",
    year   = "2011",
    volume = {36},  
    pages = {2967–2971}
}

@MastersThesis{metodologia-avaliacao-desempenho-de-parques,
  author = 	 {Nuno Felipe Lima Cardoso},
  title = 	 {Metodologias de Avaliação do Desempenho de Parques Eólicos},
  school =   {Faculdade de Engenharia, Universidade do Porto},
  year = 	 2011
}

@ARTICLE { global-wind-energy,
    author = "GWEC",
    title  = "Global Wind Energy Council",
    journal = "Global Wind Statistics",
    month  = "feb",
    year   = "2018"
}

@ARTICLE {perdas-eficiencia-energia-eolica,
    author  = "Castro, Daniel E.; Pellegrini, Cláudio C.; Lisboa, Alexandre Heringer; Pedreira Shirley Mota",
    title   = "ANÁLISE DAS PERDAS DE EFICIÊNCIA PRODUTIVA EM SISTEMAS DE GERAÇÃO DE ENERGIA EÓLICA UTILIZANDO O COEFICIENTE DE EFICIÊNCIA GLOBAL OEE DO TPM",
    journal = "Congresso Nacional de Manutenção da ABRAMAN",
    year    = "2010"
}

@ARTICLE{matrizes-energeticas-brasil,
    author = 	 {Fabricio Luiz Bronzatti and Alfredo Iarozinski Neto},
    title = 	 {Matrizes energéticas no Brasil},
    journal = "Encontro Nacional de Engenharia da Produção - ENEGEP",
    year    = "2008"
}

@InBook{CENARIO,
  author = 	 {},
  editor = 	 {CENARIO},
  title = 	 {Energia eólica – Anuário 2015/2016},
  chapter = 	 {},
  publisher = 	 {},
  year = 	 2015,
  OPTkey = 	 {},
  OPTnumber = 	 {},
  series = 	 {},
  OPTtype = 	 {},
  address = 	 {},
  OPTedition = 	 {},
  OPTmonth = 	 {},
  pages = 	 {76-77},
  OPTnote = 	 {},
  OPTannote = 	 {}
}

@Misc{misc-cruz03,
  OPTkey = 	 {},
  author = 	 {Renato Cruz},
  title = 	 {Padrão Brasileiro de {TV} Enfrenta Oposição},
  howpublished = {Jornal O Estado de São Paulo},
  month = 	 feb,
  year = 	 2003,
  note = 	 {Opinião do Prof. Max Costa},
  OPTannote = 	 {}
}

@PhdThesis{phd-gates01,
  author = 	 {Luis F. Gates},
  title = 	 {Telecomunicações Baseadas na Arquitetura BALSE},
  school =       {UFSCG},
  year = 	 2000,
  OPTkey = 	 {},
  OPTtype = 	 {},
  address = 	 {Matosinhos, SP},
  month = 	 dec,
  OPTnote = 	 {},
  OPTannote = 	 {}
}

@InProceedings{proc-gates01,
  author = 	 {Luis F. Gates and Rossano P. Pinto and Eliane G. Solimães and Katianna Silva},
  title = 	 {Mobile Agents in Telecommunication Services},
  booktitle = 	 {Proceedings of {LACOXS}'05},
  OPTcrossref =  {},
  OPTkey = 	 {},
  pages = 	 {50-61},
  year = 	 2001,
  editor = 	 {A. Loureiro, J. Carvalho},
  OPTvolume = 	 {},
  OPTnumber = 	 {},
  OPTseries = 	 {},
  address = 	 {Ouro Preto, MG},
  month = 	 aug,
  OPTorganization = {},
  publisher =    {Sociedade Brasileira de Ciências Físicas},
  OPTnote = 	 {},
  OPTannote = 	 {},
}

@Manual{man-orbix99,
  title = 	 {Orbix Programming Reference},
  OPTkey = 	 {},
  author = 	 {IONA},
  organization = {IONA Technologies PLC},
  address = 	 {Dublin, Ireland},
  OPTedition = 	 {},
  month = 	 oct,
  year = 	 1999,
  OPTnote = 	 {},
  OPTannote = 	 {}
}

@Manual{catalogo-wobben-e92,
  title = 	 {E-92 / 2.350 KW},
  OPTkey = 	 {},
  author = 	 {Wobben Enercon},
  organization = {Wobben Enercon},
  year = 	 2019,
  OPTedition = 	 {},
  OPTnote = 	 {},
  OPTannote = 	 {}
}

@TechReport{hp-novet03,
  author = 	 {Meireles, Flamingo},
  title = 	 {{NOVET}'s Homepage},
  institution =  {The Academic Computer Society},
  address = 	 {Caicó, RN},
  year = 	 2003,
  OPTkey = 	 {},
  type =	 {Página na Internet},
  key = 	 {NOVET},
  month =	 aug,
  URL =	 	 {\url{http://www.aligatesta.com.su/}},
  OPTannote = 	 {}
}

@Book{LATEX04,
  author = 	 {Frank Mittelbach and Michel Goossens},
  ALTeditor = 	 {},
  title = 	 {The {\LaTeX} Companion},
  publisher = 	 {Addison-Wesley},
  year = 	 2004,
  OPTkey = 	 {},
  OPTvolume = 	 {},
  OPTnumber = 	 {},
  OPTseries = 	 {},
  address = 	 {San Francisco, EUA},
  edition = 	 2,
  OPTmonth = 	 {},
  OPTnote = 	 {},
  OPTannote = 	 {}
}

@TechReport{rep-omg2000,
  author = 	 {OMG},
  title = 	 {Audio/Video Streams, Version 1.0},
  institution =  {Object Management Group},
  year = 	 2000,
  key = 	 {},
  type =	 {OMG Specification},
  number =	 {formal/2000-01-03},
  address = 	 {Paris},
  month =	 jan,
  URL =	 	 {\url{http://www.omg.org/}},
  OPTannote = 	 {}
}

@Book{book-lamport94,
  author = 	 {Witold Pedrycz and Fernando A. C. Gomide},
  ALTeditor = 	 {},
  title = 	 {An Introduction to Fuzzy Sets: Analysis and Design (Complex Adaptive Systems)},
  publisher = 	 {MIT Press},
  year = 	 1998,
  OPTkey = 	 {},
  OPTvolume = 	 {},
  OPTnumber = 	 {},
  OPTseries = 	 {},
  address = 	 {Boston},
  OPTedition = 	 {},
  OPTmonth = 	 {},
  OPTnote = 	 {},
  OPTannote = 	 {}
}

@InCollection{col-pinto00,
  author = 	 {Alexandre S. Pinto and Luis F. Gates and Katianna Silva},
  title = 	 {A {BALSE}-based Environment for Mobile Applications},
  booktitle = 	 {Managing {QoS} in Multimedia Networks},
  OPTcrossref =  {},
  OPTkey = 	 {},
  pages = 	 {163-175},
  publisher =    {Kluwer Academic Publishers},
  year = 	 2000,
  editor = 	 {José Neuman de Souza and Raouf Boutaba},
  OPTvolume = 	 {},
  OPTnumber = 	 {},
  OPTseries = 	 {},
  OPTtype = 	 {},
  OPTchapter = 	 {},
  address = 	 {New York},
  OPTedition = 	 {},
  OPTmonth = 	 {},
  OPTnote = 	 {},
  OPTannote = 	 {}
}

@Proceedings{proc-sbrc02,
  title = 	 {{XX} Simpósio Brasileiro de Redes de Computadores},
  year = 	 2002,
  OPTkey = 	 {},
  booktitle =    {Anais do XX SBRC},
  editor = 	 {Luci Pirmez and Luis Fernando Carmo and Raimundo José Macêdo},
  volume = 	 1,
  OPTnumber = 	 {},
  OPTseries = 	 {},
  address = 	 {Rio de Janeiro},
  month = 	 may,
  organization = {Núcleo de Computação Eletrônica da UFRJ},
  publisher =    {Sociedade Brasileira de Computação},
  OPTnote = 	 {},
  OPTannote = 	 {}
}

@InBook{inbook-santos00,
  author = 	 {Euripedes P. Santos and Fernando J. Von-Zuben},
  editor = 	 {},
  title = 	 {Recurrent Neural Networks: Design and Applications},
  chapter = 	 {Efficient Second-Order Learning Algorithms for Discrete-Time Recurrent Neural Networks},
  publisher = 	 {CRC Press},
  year = 	 2000,
  OPTkey = 	 {},
  volume = 	 13,
  OPTnumber = 	 {},
  series = 	 {International Series on Computational Intelligence},
  OPTtype = 	 {},
  address = 	 {Madrid},
  OPTedition = 	 {},
  OPTmonth = 	 {},
  pages = 	 {47-75},
  OPTnote = 	 {},
  OPTannote = 	 {}
}

@MastersThesis{msc-santos03,
  author = 	 {José C. S. Santos-Filho},
  title = 	 {Combinação por Ganho Igual em Ambiente com Desvanecimento Arbitrário},
  school =       {Faculdade de Engenharia Elétrica e de Computação, UNICAMP},
  year = 	 2003,
  OPTkey = 	 {},
  OPTtype = 	 {},
  address = 	 {Campinas, SP},
  month = 	 aug,
  OPTnote = 	 {},
  OPTannote = 	 {}
}

@Unpublished{unp-sichman02,
  author = 	 {Jaime S. Sichman},
  title = 	 {Sobre Agentes Móveis e Fixos},
  note = 	 {Comunicação pessoal por e-mail},
  OPTkey = 	 {},
  month = 	 mar,
  year = 	 2002,
  OPTannote = 	 {}
}

@Article{art-solimaes03,
  author = 	 {Eliane G. Solimães and Antonio T. Mircolles and Jamerson L. Pereira and Bruno G. Americano and Katianna Silva and Marcelo Borges and Mauricio F. Magalhães},
  title = 	 {A Virtual Laboratory for Autonomous Airplanes Experiments},
  journal = 	 {IEEE Transactions on Education},
  year = 	 2003,
  OPTkey = 	 {},
  volume = 	 {46},
  number = 	 {1},
  pages = 	 {37-42},
  month = 	 feb,
  OPTnote = 	 {},
  OPTannote = 	 {}
}
